<record><leader>00000cas a2200000 a 4500</leader><controlfield tag="001">11870386</controlfield><controlfield tag="008">850401d18871959ksudr ne      0   a0eng d</controlfield><datafield ind1=" " ind2=" " tag="010"><subfield code="a">sn 85031127 </subfield></datafield><datafield ind1=" " ind2=" " tag="040"><subfield code="a">KSH</subfield><subfield code="b">eng</subfield><subfield code="c">KSH</subfield><subfield code="d">NPT</subfield><subfield code="d">OCL</subfield><subfield code="d">OCLCQ</subfield></datafield><datafield ind1=" " ind2=" " tag="042"><subfield code="a">msc</subfield></datafield><datafield ind1="0" ind2="4" tag="245"><subfield code="a">The McPherson daily republican.</subfield></datafield><datafield ind1=" " ind2=" " tag="260"><subfield code="a">McPherson, Kan. :</subfield><subfield code="b">S.G. Mead,</subfield><subfield code="c">1887-1959.</subfield></datafield><datafield ind1=" " ind2=" " tag="300"><subfield code="a">72 v. :</subfield><subfield code="b">ill. ;</subfield><subfield code="c">51 cm.</subfield></datafield><datafield ind1=" " ind2=" " tag="310"><subfield code="a">Daily (except Sunday)</subfield></datafield><datafield ind1="0" ind2=" " tag="362"><subfield code="a">Vol. 1, no. 1 (Feb. 5, 1887)-73rd yr., no. 254 (Oct. 23, 1959).</subfield></datafield><datafield ind1=" " ind2=" " tag="500"><subfield code="a">Publisher varies.</subfield></datafield><datafield ind1=" " ind2=" " tag="752"><subfield code="a">United States</subfield><subfield code="b">Kansas</subfield><subfield code="c">McPherson</subfield><subfield code="d">McPherson.</subfield></datafield><datafield ind1="0" ind2="5" tag="780"><subfield code="t">Galva clarion</subfield><subfield code="g">June 22, 1901</subfield><subfield code="w">(DLC)sn 85031074</subfield></datafield><datafield ind1="0" ind2="0" tag="785"><subfield code="t">McPherson sentinel</subfield><subfield code="w">(DLC)sn 85031128</subfield></datafield></record>